<?xml version="1.0" encoding="UTF-8"?><collection xmlns="http://www.loc.gov/MARC21/slim"><record><leader>00579nam--2200205-u-4500</leader><controlfield tag="001">000056893</controlfield><controlfield tag="002">20200911</controlfield><controlfield tag="005">20200911044054</controlfield><controlfield tag="008">200911s1000------------r-----000-0-eng-d</controlfield><datafield ind1=" " ind2=" " tag="040"><subfield code="a">IFIN-HH</subfield></datafield><datafield ind1=" " ind2=" " tag="041"><subfield code="a">eng</subfield></datafield><datafield ind1="1" ind2=" " tag="100"><subfield code="a">Halliday, David</subfield></datafield><datafield ind1="1" ind2="0" tag="245"><subfield code="a">Physics. vol. 2</subfield><subfield code="c">David Halliday; Robert Resnick; Kenneth S. Krane (Eds.)</subfield></datafield><datafield ind1=" " ind2=" " tag="250"><subfield code="a">Fourth Edition</subfield></datafield><datafield ind1=" " ind2=" " tag="260"><subfield code="a">New York</subfield><subfield code="b">John Wiley &amp; Sons, Inc</subfield><subfield code="c">1992</subfield></datafield><datafield ind1=" " ind2=" " tag="300"><subfield code="a">X+593-1020 p</subfield></datafield><datafield ind1=" " ind2=" " tag="500"><subfield code="a">Donatie Acad. Nicolae Victor Zamfir</subfield></datafield><datafield ind1="1" ind2=" " tag="700"><subfield code="a">Krane, Kenneth S</subfield></datafield><datafield ind1=" " ind2=" " tag="852"><subfield code="a">82822</subfield><subfield code="c">NVZ</subfield></datafield><datafield ind1=" " ind2=" " tag="CAT"><subfield code="a">SYS</subfield><subfield code="c">20200911</subfield><subfield code="h">044054</subfield></datafield></record></collection>